<record><leader>00000cas a2200000 a 4500</leader><controlfield tag="001">36035202</controlfield><controlfield tag="008">961204d188u1904oruwr ne      0    0eng c</controlfield><datafield ind1=" " ind2=" " tag="010"><subfield code="a">sn 96088287 </subfield></datafield><datafield ind1=" " ind2=" " tag="040"><subfield code="a">OCN</subfield><subfield code="b">eng</subfield><subfield code="c">OCN</subfield><subfield code="d">OCLCQ</subfield><subfield code="d">ORU</subfield><subfield code="d">OCLCQ</subfield><subfield code="d">OCLCF</subfield><subfield code="d">OCLCO</subfield></datafield><datafield ind1=" " ind2=" " tag="042"><subfield code="a">pcc</subfield></datafield><datafield ind1=" " ind2=" " tag="043"><subfield code="a">n-us-or</subfield></datafield><datafield ind1="0" ind2="0" tag="245"><subfield code="a">Weekly herald=disseminator.</subfield></datafield><datafield ind1="1" ind2="3" tag="246"><subfield code="a">Herald-disseminator</subfield></datafield><datafield ind1=" " ind2=" " tag="260"><subfield code="a">Albany, Or. :</subfield><subfield code="b">Train &amp; Whitney,</subfield><subfield code="c">-1904.</subfield></datafield><datafield ind1=" " ind2=" " tag="300"><subfield code="a">v.</subfield></datafield><datafield ind1=" " ind2=" " tag="310"><subfield code="a">Weekly</subfield></datafield><datafield ind1="0" ind2=" " tag="362"><subfield code="a">-v. 25, no. 18 (Apr. 14, 1904).</subfield></datafield><datafield ind1=" " ind2=" " tag="515"><subfield code="a">Volume designation inconsistent.</subfield></datafield><datafield ind1=" " ind2=" " tag="530"><subfield code="a">Also issued on microfilm from University of Oregon.</subfield></datafield><datafield ind1=" " ind2=" " tag="580"><subfield code="a">Daily ed.: Morning daily herald.</subfield></datafield><datafield ind1=" " ind2=" " tag="588"><subfield code="a">Description based on: Vol. 7, no. 52 (Nov. 5, 1886).</subfield></datafield><datafield ind1=" " ind2="0" tag="651"><subfield code="a">Albany (Or.)</subfield><subfield code="v">Newspapers.</subfield></datafield><datafield ind1=" " ind2="7" tag="655"><subfield code="a">Newspapers.</subfield><subfield code="2">fast</subfield><subfield code="0">(OCoLC)fst01423814</subfield></datafield><datafield ind1=" " ind2="7" tag="651"><subfield code="a">Oregon</subfield><subfield code="z">Albany.</subfield><subfield code="2">fast</subfield><subfield code="0">(OCoLC)fst01209399</subfield></datafield><datafield ind1=" " ind2=" " tag="752"><subfield code="a">United States</subfield><subfield code="b">Oregon</subfield><subfield code="c">Linn</subfield><subfield code="d">Albany.</subfield></datafield><datafield ind1="1" ind2=" " tag="775"><subfield code="t">Morning daily herald</subfield><subfield code="w">(DLC)sn 93051618</subfield><subfield code="w">(OCoLC)29394504</subfield></datafield><datafield ind1="0" ind2="4" tag="780"><subfield code="t">Disseminator (Harrisburg, Or.)</subfield><subfield code="w">(DLC)sn 96088298</subfield><subfield code="w">(OCoLC)36035173</subfield></datafield><datafield ind1="0" ind2="4" tag="780"><subfield code="t">Albany herald (Albany, Or.)</subfield><subfield code="w">(DLC)sn 93051623</subfield><subfield code="w">(OCoLC)30117063</subfield></datafield><datafield ind1="0" ind2="0" tag="785"><subfield code="t">Weekly herald (Albany, Or.)</subfield><subfield code="w">(DLC)sn 96088289</subfield><subfield code="w">(OCoLC)36011006</subfield></datafield></record>